<record><leader>00000cas a22000007a 4500</leader><controlfield tag="001">14393553</controlfield><controlfield tag="008">861014d1881188utxuwr ne      0    0eng d</controlfield><datafield ind1=" " ind2=" " tag="010"><subfield code="a">sn 86089567 </subfield></datafield><datafield ind1=" " ind2=" " tag="040"><subfield code="a">PPM</subfield><subfield code="b">eng</subfield><subfield code="c">PPM</subfield><subfield code="d">OCLCQ</subfield><subfield code="d">IUL</subfield></datafield><datafield ind1=" " ind2=" " tag="042"><subfield code="a">msc</subfield></datafield><datafield ind1="0" ind2=" " tag="130"><subfield code="a">Laredo times (Laredo, Tex. : 1881)</subfield></datafield><datafield ind1="1" ind2="0" tag="245"><subfield code="a">Laredo times.</subfield></datafield><datafield ind1="3" ind2="0" tag="246"><subfield code="a">Weekly Laredo times</subfield></datafield><datafield ind1=" " ind2=" " tag="260"><subfield code="a">Laredo, Tex. :</subfield><subfield code="b">J.S. Penn</subfield></datafield><datafield ind1=" " ind2=" " tag="300"><subfield code="a">v. ;</subfield><subfield code="c">61 cm.</subfield></datafield><datafield ind1=" " ind2=" " tag="310"><subfield code="a">Weekly</subfield></datafield><datafield ind1="1" ind2=" " tag="362"><subfield code="a">Began June 1881.</subfield></datafield><datafield ind1=" " ind2=" " tag="588"><subfield code="a">Description based on: Vol. 1, no. 4 (Jul. 6, 1881).</subfield></datafield><datafield ind1=" " ind2=" " tag="752"><subfield code="a">United States</subfield><subfield code="b">Texas</subfield><subfield code="c">Webb</subfield><subfield code="d">Laredo.</subfield></datafield><datafield ind1="0" ind2=" " tag="775"><subfield code="t">Daily Laredo times</subfield><subfield code="w">(DLC)sn 87090990</subfield><subfield code="w">(OCoLC)16841617</subfield></datafield><datafield ind1="0" ind2="0" tag="785"><subfield code="t">Weekly Laredo times</subfield><subfield code="w">(DLC)sn 87090967</subfield><subfield code="w">(OCoLC)16835361</subfield></datafield></record>